@book{Colouris:2012,
  title={Distributed Systems. Concepts and Design},
  author={Coulouris, G. E. A.},
  year={2012},
  publisher={Pearson}
}

@ARTICLE{Brewer:2000,
  author = {Brewer, E. A.},
  title = {Towards robust distributed systems},
  journal = {In 19th Annual ACM Symposium on Principles of Distributed Computing},
  year = {2000}
}

@TECHREPORT{Friedman:1996,
  author = {Friedman, R. and Birman, K.},
  title = {Trading consistency for availability in distributed systems.},
  institution = {Cornell University},
  type = {Technical report},
  year = {1996},
}

@article{Lamport:1978,
 author = {Lamport, Leslie},
 title = {Time, clocks, and the ordering of events in a distributed system},
 journal = {Communications of the ACM},
 issue_date = {July 1978},
 volume = {21},
 number = {7},
 month = jul,
 year = {1978},
 issn = {0001-0782},
 pages = {558--565},
 numpages = {8},
 url = {http://doi.acm.org/10.1145/359545.359563},
 doi = {10.1145/359545.359563},
 acmid = {359563},
 publisher = {ACM},
 address = {New York, NY, USA},
 keywords = {clock synchronization, computer networks, distributed systems, multiprocess systems},
}

@incollection{Lampson:1996,
  title = {How to build a highly available system using consensus},
  author = {Lampson, Butler W.},
  booktitle={Distributed Algorithms},
  editor={Baboaglu, O. and Marzullo, K.},
  pages={1--17},
  year={1996},
  publisher={Springer-Verlag}
}

@book{ongaro:2014,
  title={Consensus: Bridging Theory and Practice},
  author={Ongaro D.},
  isbn={},
  url={http://purl.stanford.edu/qr033xr6097},
  year={2014},
  publisher={Stanford University}
}

@inproceedings{raftPaper,
 author = {Ongaro, Diego and Ousterhout, John},
 title = "In Search of an Understandable Consensus Algorithm",
 booktitle = {Proc. ATC'14, USENIX Annual Technical Conference},
 year = {2014},
 publisher = {USENIX},
}

@misc{raftPaperExtended,
 author = {Ongaro, Diego and Ousterhout, John},
 title = "In Search of an Understandable Consensus Algorithm (Extended Version)",
 note = {\\\url{http://ramcloud.stanford.edu/raft.pdf}},
 year = {2014},
}

% Optional fields: note, year
@misc{raftSite,
  author = {Ongaro, Diego},
  title = {Raft Algorithm's site},
  howpublished = "\url{http://raftconsensus.github.io}",
}